<record><leader>00000cas a2200000 a 4500</leader><controlfield tag="001">13118394</controlfield><controlfield tag="008">860207d19uu1991ncuwr ne      0   a0eng d</controlfield><datafield ind1=" " ind2=" " tag="010"><subfield code="a">sn 95072346 </subfield></datafield><datafield ind1=" " ind2=" " tag="040"><subfield code="a">NCS</subfield><subfield code="b">eng</subfield><subfield code="c">NCS</subfield><subfield code="d">NSD</subfield><subfield code="d">NVJ</subfield><subfield code="d">OCL</subfield><subfield code="d">OCLCQ</subfield></datafield><datafield ind1=" " ind2=" " tag="042"><subfield code="a">msc</subfield></datafield><datafield ind1="0" ind2="4" tag="245"><subfield code="a">The Alamance-Orange enterprise.</subfield></datafield><datafield ind1=" " ind2=" " tag="260"><subfield code="a">Mebane, N.C. :</subfield><subfield code="b">[Southbound Press?]</subfield></datafield><datafield ind1=" " ind2=" " tag="300"><subfield code="a">v. :</subfield><subfield code="b">ill. ;</subfield><subfield code="c">58 cm.</subfield></datafield><datafield ind1=" " ind2=" " tag="310"><subfield code="a">Weekly</subfield></datafield><datafield ind1="0" ind2=" " tag="362"><subfield code="a">-v. 83, no. 8 (Feb. 13, 1991).</subfield></datafield><datafield ind1=" " ind2=" " tag="500"><subfield code="a">Estab. 1908.</subfield></datafield><datafield ind1=" " ind2=" " tag="500"><subfield code="a">Independent.</subfield></datafield><datafield ind1=" " ind2=" " tag="588"><subfield code="a">Description based on: 77th year, no. 37 (Sept. 11, 1985).</subfield></datafield><datafield ind1=" " ind2=" " tag="752"><subfield code="a">United States</subfield><subfield code="b">North Carolina</subfield><subfield code="c">Alamance</subfield><subfield code="d">Mebane.</subfield></datafield><datafield ind1=" " ind2=" " tag="752"><subfield code="a">United States</subfield><subfield code="b">North Carolina</subfield><subfield code="c">Orange</subfield><subfield code="d">Mebane.</subfield></datafield><datafield ind1="0" ind2="0" tag="785"><subfield code="t">Mebane enterprise</subfield><subfield code="x">1067-0858</subfield><subfield code="w">(DLC)sn 92006796</subfield><subfield code="w">(OCoLC)24839575</subfield></datafield><datafield ind1=" " ind2=" " tag="936"><subfield code="a">Sept. 11, 1986</subfield></datafield><datafield ind1="1" ind2=" " tag="029"><subfield code="a">AU@</subfield><subfield code="b">000012176464</subfield></datafield></record>